<record><leader>00000cas a22000007a 4500</leader><controlfield tag="001">14509384</controlfield><controlfield tag="008">861023u1947uuuutxuwr ne      0    0eng d</controlfield><datafield ind1=" " ind2=" " tag="010"><subfield code="a">sn 86089679 </subfield></datafield><datafield ind1=" " ind2=" " tag="040"><subfield code="a">PPM</subfield><subfield code="b">eng</subfield><subfield code="c">PPM</subfield><subfield code="d">OCLCQ</subfield></datafield><datafield ind1=" " ind2=" " tag="042"><subfield code="a">msc</subfield></datafield><datafield ind1="0" ind2="4" tag="245"><subfield code="a">The Longview Sunday news-journal.</subfield></datafield><datafield ind1=" " ind2=" " tag="260"><subfield code="a">Longview, Tex. :</subfield><subfield code="b">Longview News Co.</subfield></datafield><datafield ind1=" " ind2=" " tag="300"><subfield code="a">v. :</subfield><subfield code="b">ill. ;</subfield><subfield code="c">57 cm.</subfield></datafield><datafield ind1=" " ind2=" " tag="310"><subfield code="a">Weekly</subfield></datafield><datafield ind1="1" ind2=" " tag="362"><subfield code="a">Began in 1947?</subfield></datafield><datafield ind1=" " ind2=" " tag="515"><subfield code="a">Continues numbering of: The Longview daily news.</subfield></datafield><datafield ind1=" " ind2=" " tag="580"><subfield code="a">Weekly ed. of: The Longview daily news, and: Longview morning journal.</subfield></datafield><datafield ind1=" " ind2=" " tag="588"><subfield code="a">Description based on: Seventy-sixth year, no. 139 (Sept. 14, 1947).</subfield></datafield><datafield ind1=" " ind2=" " tag="752"><subfield code="a">United States</subfield><subfield code="b">Texas</subfield><subfield code="c">Gregg</subfield><subfield code="d">Longview.</subfield></datafield><datafield ind1="1" ind2=" " tag="775"><subfield code="t">Longview daily news</subfield></datafield><datafield ind1="1" ind2=" " tag="775"><subfield code="t">Longview morning journal</subfield></datafield><datafield ind1="1" ind2=" " tag="029"><subfield code="a">AU@</subfield><subfield code="b">000025841282</subfield></datafield></record>